<record><leader>00000cas a22000007a 4500</leader><controlfield tag="001">11172817</controlfield><controlfield tag="008">840919d19441958ksuwr ne      0   a0eng d</controlfield><controlfield tag="009">3789</controlfield><datafield ind1=" " ind2=" " tag="010"><subfield code="a">sn 84029553 </subfield></datafield><datafield ind1=" " ind2=" " tag="040"><subfield code="a">KSH</subfield><subfield code="b">eng</subfield><subfield code="c">KSH</subfield><subfield code="d">NPT</subfield><subfield code="d">OCLCQ</subfield></datafield><datafield ind1="1" ind2=" " tag="029"><subfield code="a">AU@</subfield><subfield code="b">000025291125</subfield></datafield><datafield ind1=" " ind2=" " tag="042"><subfield code="a">msc</subfield></datafield><datafield ind1="0" ind2=" " tag="130"><subfield code="a">Eudora news (Eudora, Kan. : 1944)</subfield></datafield><datafield ind1="0" ind2="4" tag="245"><subfield code="a">The Eudora news.</subfield></datafield><datafield ind1=" " ind2=" " tag="260"><subfield code="a">Eudora, Kan. :</subfield><subfield code="b">Marie R. Abels,</subfield><subfield code="c">1944-1958.</subfield></datafield><datafield ind1=" " ind2=" " tag="300"><subfield code="a">34 v. :</subfield><subfield code="b">ill. ;</subfield><subfield code="c">44-55 cm.</subfield></datafield><datafield ind1=" " ind2=" " tag="310"><subfield code="a">Weekly</subfield></datafield><datafield ind1="0" ind2=" " tag="362"><subfield code="a">Vol. 58, no. 39 (Jan. 20, 1944)-v. 92, no. 8 (May 15, 1958).</subfield></datafield><datafield ind1=" " ind2=" " tag="500"><subfield code="a">Includes section called: "The Villager," Aug. 9, 1956-</subfield></datafield><datafield ind1=" " ind2=" " tag="752"><subfield code="a">United States</subfield><subfield code="b">Kansas</subfield><subfield code="c">Douglas</subfield><subfield code="d">Eudora.</subfield></datafield><datafield ind1="0" ind2="0" tag="780"><subfield code="t">Eudora weekly news</subfield><subfield code="w">(DLC)sn 84029552</subfield></datafield><datafield ind1="0" ind2="5" tag="780"><subfield code="t">Villager (Sunflower, Kan.)</subfield><subfield code="g">Aug. 9, 1956</subfield><subfield code="w">(DLC)sn 84029558</subfield></datafield><datafield ind1="0" ind2="4" tag="785"><subfield code="t">Lawrence outlook</subfield><subfield code="w">(DLC)sn 84029600</subfield></datafield></record>